<?xml version="1.0" encoding="UTF-8"?>
<marc:collection xmlns:marc="http://www.loc.gov/MARC21/slim" xmlns:xsi="http://www.w3.org/2001/XMLSchema-instance" xsi:schemaLocation="http://www.loc.gov/MARC21/slim http://www.loc.gov/standards/marcxml/schema/MARC21slim.xsd">
   <marc:record type="Bibliographic">
      <marc:leader>02472cam a2200445 a 4500</marc:leader>
      <marc:controlfield tag="001">441064</marc:controlfield>
      <marc:controlfield tag="003">NjP</marc:controlfield>
      <marc:controlfield tag="005">20160827153908.0</marc:controlfield>
      <marc:controlfield tag="008">880428s1984    ir h     b    001 0 ara d</marc:controlfield>
      <marc:datafield tag="024" ind1="7" ind2=" ">
         <marc:subfield code="a">princeton_aco001093</marc:subfield>
         <marc:subfield code="2">local</marc:subfield>
      </marc:datafield>
      <marc:datafield tag="035" ind1=" " ind2=" ">
         <marc:subfield code="a">(OCoLC)ocn175969406</marc:subfield>
      </marc:datafield>
      <marc:datafield tag="035" ind1=" " ind2=" ">
         <marc:subfield code="a">(OCoLC)24403897</marc:subfield>
      </marc:datafield>
      <marc:datafield tag="040" ind1=" " ind2=" ">
         <marc:subfield code="a">NjP</marc:subfield>
         <marc:subfield code="c">PUL</marc:subfield>
         <marc:subfield code="d">PUL</marc:subfield>
      </marc:datafield>
      <marc:datafield tag="035" ind1=" " ind2=" ">
         <marc:subfield code="a">(OCoLC)175969406</marc:subfield>
      </marc:datafield>
      <marc:datafield tag="035" ind1=" " ind2=" ">
         <marc:subfield code="a">(CStRLIN)NJPG88-B22114</marc:subfield>
      </marc:datafield>
      <marc:datafield tag="035" ind1=" " ind2=" ">
         <marc:subfield code="9">ACB6679TS</marc:subfield>
      </marc:datafield>
      <marc:datafield tag="035" ind1=" " ind2=" ">
         <marc:subfield code="a">(NjP)441064</marc:subfield>
      </marc:datafield>
      <marc:datafield tag="079" ind1=" " ind2=" ">
         <marc:subfield code="a">ocm24403897</marc:subfield>
      </marc:datafield>
      <marc:datafield tag="049" ind1=" " ind2=" ">
         <marc:subfield code="a">PULL</marc:subfield>
      </marc:datafield>
      <marc:datafield tag="100" ind1="1" ind2=" ">
         <marc:subfield code="6">880-01</marc:subfield>
         <marc:subfield code="a">Ṭūsī, Nāṣir al-Dīn Muḥammad ibn Muḥammad,</marc:subfield>
         <marc:subfield code="d">1201-1274.</marc:subfield>
      </marc:datafield>
      <marc:datafield tag="245" ind1="1" ind2="0">
         <marc:subfield code="6">880-02</marc:subfield>
         <marc:subfield code="a">Maṣāriʻ al-muṣāriʻ /</marc:subfield>
         <marc:subfield code="c">taʼlīf Abī Jaʻfar Nāṣir al-Dīn Muḥammad ibn Muḥammad ibn al-Ḥasan al-Ṭūsī ; taḥqīq Ḥasan al-Muʻizzī ; bi-ihtimām Maḥmūd al-Marʻashī.</marc:subfield>
      </marc:datafield>
      <marc:datafield tag="260" ind1=" " ind2=" ">
         <marc:subfield code="6">880-03</marc:subfield>
         <marc:subfield code="a">Qum :</marc:subfield>
         <marc:subfield code="b">Maktabat Ayāt Allāh al-Marʻashī,</marc:subfield>
         <marc:subfield code="c">1405 [1984 or 1985]</marc:subfield>
      </marc:datafield>
      <marc:datafield tag="300" ind1=" " ind2=" ">
         <marc:subfield code="a">224 p. :</marc:subfield>
         <marc:subfield code="b">facsims. ;</marc:subfield>
         <marc:subfield code="c">25 cm.</marc:subfield>
      </marc:datafield>
      <marc:datafield tag="440" ind1=" " ind2="0">
         <marc:subfield code="6">880-04</marc:subfield>
         <marc:subfield code="a">Min makhṭūṭāt Ayāt Allāh al-Marʻashī al-ʻāmmah ;</marc:subfield>
         <marc:subfield code="v">11</marc:subfield>
      </marc:datafield>
      <marc:datafield tag="500" ind1=" " ind2=" ">
         <marc:subfield code="a">Includes the text of Muṣāraʻat al-falāsifah by Muḥammad ibn ʻAbd al-Karīm al-Shahrastānī.</marc:subfield>
      </marc:datafield>
      <marc:datafield tag="504" ind1=" " ind2=" ">
         <marc:subfield code="a">Includes bibliographical references and indexes.</marc:subfield>
      </marc:datafield>
      <marc:datafield tag="650" ind1=" " ind2="0">
         <marc:subfield code="a">Islam</marc:subfield>
         <marc:subfield code="x">Doctrines</marc:subfield>
         <marc:subfield code="x">Early works to 1800.</marc:subfield>
         <marc:subfield code="0">(uri)http://id.loc.gov/authorities/subjects/sh87000152</marc:subfield>
      </marc:datafield>
      <marc:datafield tag="700" ind1="1" ind2="2">
         <marc:subfield code="6">880-05</marc:subfield>
         <marc:subfield code="a">Shahrastānī, Muḥammad ibn ʻAbd al-Karīm,</marc:subfield>
         <marc:subfield code="d">1086?-1153.</marc:subfield>
         <marc:subfield code="t">Muṣāraʻat al-falāsifah.</marc:subfield>
         <marc:subfield code="f">1984.</marc:subfield>
         <marc:subfield code="0">(uri)http://id.loc.gov/authorities/names/n83043209</marc:subfield>
      </marc:datafield>
      <marc:datafield tag="700" ind1="1" ind2=" ">
         <marc:subfield code="6">880-06</marc:subfield>
         <marc:subfield code="a">Muʻizzī, Ḥasan.</marc:subfield>
      </marc:datafield>
      <marc:datafield tag="700" ind1="1" ind2=" ">
         <marc:subfield code="6">880-07</marc:subfield>
         <marc:subfield code="a">Marʻashī, Maḥmūd.</marc:subfield>
      </marc:datafield>
      <marc:datafield tag="880" ind1="1" ind2=" ">
         <marc:subfield code="6">100-01/r</marc:subfield>
         <marc:subfield code="a">طوسي، ناصر الدين محمد بن محمد،</marc:subfield>
         <marc:subfield code="d">1201-1274.</marc:subfield>
      </marc:datafield>
      <marc:datafield tag="880" ind1="1" ind2="0">
         <marc:subfield code="6">245-02/r</marc:subfield>
         <marc:subfield code="a">مصارع المصارع /</marc:subfield>
         <marc:subfield code="c">تأليف ابي جعفر ناصر الدين محمد بن محمد بن الحسن الطوسي ؛ تحقيق حسن المعزي ؛ باهتمام محمود المرعشي.</marc:subfield>
      </marc:datafield>
      <marc:datafield tag="880" ind1=" " ind2=" ">
         <marc:subfield code="6">260-03/r</marc:subfield>
         <marc:subfield code="a">قم :</marc:subfield>
         <marc:subfield code="b">مكتبة ايات الله المرعشي،</marc:subfield>
         <marc:subfield code="c">1405 [1984 or 1985]</marc:subfield>
      </marc:datafield>
      <marc:datafield tag="880" ind1=" " ind2="0">
         <marc:subfield code="6">440-04/r</marc:subfield>
         <marc:subfield code="a">من مخطوطات ايات الله المرعشي العامة ؛</marc:subfield>
         <marc:subfield code="v">11</marc:subfield>
      </marc:datafield>
      <marc:datafield tag="880" ind1="1" ind2="2">
         <marc:subfield code="6">700-05/r</marc:subfield>
         <marc:subfield code="a">شهرستاني، محمد بن عبد الكريم،</marc:subfield>
         <marc:subfield code="d">1086؟1153.</marc:subfield>
         <marc:subfield code="t">مصارعة الفلاسفة.</marc:subfield>
         <marc:subfield code="f">1984.</marc:subfield>
      </marc:datafield>
      <marc:datafield tag="880" ind1="1" ind2=" ">
         <marc:subfield code="6">700-06/r</marc:subfield>
         <marc:subfield code="a">معزي، حسن.</marc:subfield>
      </marc:datafield>
      <marc:datafield tag="880" ind1="1" ind2=" ">
         <marc:subfield code="6">700-07/r</marc:subfield>
         <marc:subfield code="a">مرعشي، محمود.</marc:subfield>
      </marc:datafield>
      <marc:datafield tag="998" ind1=" " ind2=" ">
         <marc:subfield code="a">08/31/88</marc:subfield>
         <marc:subfield code="s">9118</marc:subfield>
         <marc:subfield code="n">NjP</marc:subfield>
         <marc:subfield code="w">NJPG88B22114</marc:subfield>
         <marc:subfield code="d">04/28/88</marc:subfield>
         <marc:subfield code="c">KVV</marc:subfield>
         <marc:subfield code="b">KVV</marc:subfield>
         <marc:subfield code="i">880831</marc:subfield>
         <marc:subfield code="l">NJPG</marc:subfield>
      </marc:datafield>
      <marc:datafield tag="911" ind1=" " ind2=" ">
         <marc:subfield code="a">19921028</marc:subfield>
      </marc:datafield>
      <marc:datafield tag="912" ind1=" " ind2=" ">
         <marc:subfield code="a">20000511061413.0</marc:subfield>
      </marc:datafield>
      <marc:datafield tag="994" ind1=" " ind2=" ">
         <marc:subfield code="a">C0</marc:subfield>
         <marc:subfield code="b">PUL</marc:subfield>
      </marc:datafield>
      <marc:datafield tag="999" ind1=" " ind2=" ">
         <marc:subfield code="a">441064</marc:subfield>
      </marc:datafield>
   </marc:record>
</marc:collection>
